
@article{Vershynina2013,
author = {Vershynina, Anna and Carlen, Eric and Lieb, Elliott},
year = {2013},
month = {04},
pages = {30919},
title = {Matrix and Operator Trace Inequalities},
volume = {8},
journal = {Scholarpedia}
}
@book{Nielsen2011,
 author = {Nielsen, Michael A. and Chuang, Isaac L.},
 title = {Quantum Computation and Quantum Information},
 year = {2011},
 edition = {10th},
 publisher = {Cambridge University Press},
} 

@phdthesis{Gogolin2010,
  author       = {Christian Gogolin}, 
  title        = {Pure State Quantum Statistical Mechanics},
  school       = {Julius-Maximilians-Universit\"at W\"urzburg},
  year         = {2010}
}

@article{Horodecki2009,
  title = {Quantum entanglement},
  author = {Horodecki, Ryszard and Horodecki, Pawe\l{} and Horodecki, Micha\l{} and Horodecki, Karol},
  journal = {Rev. Mod. Phys.},
  volume = {81},
  pages = {865--942},
  year = {2009},
}


@book{Neumann1932,
 author = {Nielsen, Michael A. and Chuang, Isaac L.},
 title = {Mathematische Grundlagen der Quantenmechanik},
 year = {1932},
 edition = {2014 edition},
 publisher = {Princeton University Press},
} 

@misc{Cotaescu2016,
  author        = {Cotăescu, Ion I.},
  title         = {Lecture notes on Elements of Linear Algebra},
  year          = {2016},
  howpublished   = {The West University of Timişoara}
}

@article{Schlosshauer2005,
  title = {Decoherence, the measurement problem, and interpretations of quantum mechanics},
  author = {Schlosshauer, Maximilian},
  journal = {Rev. Mod. Phys.},
  volume = {76},
  pages = {1267-1305},
  year = {2005},
}

@InCollection{Myrvold2018,
	author       =	{Myrvold, Wayne},
	title        =	{Philosophical Issues in Quantum Theory},
	booktitle    =	{The Stanford Encyclopedia of Philosophy},
	editor       =	{Edward N. Zalta},
	howpublished =	{\url{https://plato.stanford.edu/archives/fall2018/entries/qt-issues/}},
	year         =	{2018},
	edition      =	{Fall 2018},
	publisher    =	{Metaphysics Research Lab, Stanford University}
}

@Inbook{Cramer2016,
author={Cramer, John G.},
title={The Curious History of Quantum Mechanics},
bookTitle={The Quantum Handshake: Entanglement, Nonlocality and Transactions},
year={2016},
publisher={Springer International Publishing},
pages={9-38},
}
@misc{Newton1675,
author={Newton, I. and Hooke, R.},
title={ Isaac Newton letter to Robert Hooke},
howpublished={elecronic resource},
year={1675}
}

@book{terHaar1967,
  title = {The Old Quantum Theory},
  author = {ter Haar, D.},
  year = {1967},
  publisher = {Pergamon Press},
}

@article{Wootters2001,
 author = {Wootters, William K.},
 title = {Entanglement of Formation and Concurrence},
 journal = {Quantum Info. Comput.},
 issue_date = {January 2001},
 volume = {1},
 year = {2001},
 pages = {27-44},
} 


%% -----------------
%% CHAPTER 2
%% -----------------

@article{Werschnik07,
  author={J Werschnik and E K U Gross},
  title={Quantum optimal control theory},
  journal={Journal of Physics B: Atomic, Molecular and Optical Physics},
  volume={40},
  number={18},
  pages={R175},
  year={2007}
}

@book{landau2014, 
edition={4}, 
title={A Guide to Monte Carlo Simulations in Statistical Physics}, 
publisher={Cambridge University Press}, 
author={Landau, David P. and Binder, Kurt}, 
year={2014}
}

@mastersthesis{kadowaki1998,
    author    = {Tadashi Kadowaki},
    title     = {Study of Optimization Problems by Quantum Annealing},
    school    = {Department of Physics, Tokyo Institute of Technology},
    year      = {1998},
}

@book{Das2014, 
edition={1}, 
title={Quantum Annealing and
Related Optimization Methods}, 
publisher={Springer}, 
author={Arnab Das, Bikas K. Chakrabarti}, 
year={2005}
}

@article{Warmuth2006,
  author={Manfred K. Warmuth and Dima Kuzmin},
  title={A Bayesian Probability Calculus for Density Matrices},
  journal={Machine Learning},
  pages={63-101},
  volume={78},
  year={2009}
}

@Article{Kouda2005,
    author={Kouda, Noriaki
    and Matsui, Nobuyuki
    and Nishimura, Haruhiko
    and Peper, Ferdinand},
    title={Qubit neural network and its learning efficiency},
    journal={Neural Computing \& Applications},
    year={2005},
    volume={14},
    pages={114-121}
}

@Article{Zhou1999,
    author={Zhou, Jie
    and Gan, Qiang
    and Krzy{\.{z}}ak, Adam
    and Suen, Ching Y.},
    title={Recognition of handwritten numerals by Quantum Neural Network with fuzzy features},
    journal={International Journal on Document Analysis and Recognition},
    year={1999},
    volume={2},
    pages={30-36}
}

@Article{Shang2015,
     Title = {Quantum-Inspired Neural Network with Quantum Weights and Real Weights},
     Author = {Fuhua, Shang},
     Journal = {Open Journal of Applied Sciences},
     year = {2015},
     volume = {Vol.05 No.10},
     pages = {609-617}
}

@inproceedings{Xuan2011,
author={H. Xuan},
booktitle={Proceedings of 2011 International Conference on Electronic Mechanical Engineering and Information Technology},
title={Research on Quantum Adaptive Resonance Theory Neural Network},
year={2011},
volume={8},
pages={3885-3888},
publisher = {Institute of Electrical and Electronics Engineers}
}

@Article{Manju2014,
    author={Manju, A.
    and Nigam, M. J.},
    title={Applications of quantum inspired computational intelligence: a survey},
    journal={Artificial Intelligence Review},
    year={2014},
    volume={42},
    pages={79-156}
}

@incollection{Koolen2011,
    title = {Learning Eigenvectors for Free},
    author = {Koolen, Wouter M and Kotlowski, Wojciech and Warmuth, Manfred K},
    booktitle = {Advances in Neural Information Processing Systems},
    pages = {945-953},
    year = {2011},
    volume={24},
    publisher = {Curran Associates, Inc.}

}

@Article{Biamonte2017,
    author={Biamonte, Jacob
    and Wittek, Peter
    and Pancotti, Nicola
    and Rebentrost, Patrick
    and Wiebe, Nathan
    and Lloyd, Seth},
    title={Quantum machine learning},
    journal={Nature},
    year={2017},
    volume={549},
    pages={195-202}
}

@article {Carleo2017,
	author = {Carleo, Giuseppe and Troyer, Matthias},
	title = {Solving the quantum many-body problem with artificial neural networks},
	volume = {355},
	pages = {602-606},
	year = {2017},
	journal = {Science}
}

@article{Saito2018,
author = {Saito, Hiroki and Kato, Masaya},
title = {Machine Learning Technique to Find Quantum Many-Body Ground States of Bosons on a Lattice},
journal = {Journal of the Physical Society of Japan},
volume = {87},
pages = {014001},
year = {2018}
}

@article{Jacobsen2018,
  title = {On-the-Fly Machine Learning of Atomic Potential in Density Functional Theory Structure Optimization},
  author = {Jacobsen, T. L. and J\o{}rgensen, M. S. and Hammer, B.},
  journal = {Phys. Rev. Lett.},
  volume = {120},
  pages = {026102},
  year = {2018}
}

@article{Hegde2017,
author={Hegde, Ganesh
and Bowen, R. Chris},
title={Machine-learned approximations to Density Functional Theory Hamiltonians},
journal={Scientific Reports},
year={2017},
volume={7},
pages={42669}
}

@Article{Carrasquilla2017,
author={Carrasquilla, Juan
and Melko, Roger G.},
title={Machine learning phases of matter},
journal={Nature Physics},
year={2017},
volume={13},
pages={431 EP  -},
}



%% -----------------
%% Chapter 3
%% -----------------

@Article{Rosenblatt1958,
author={Rosenblatt, F.},
title={The perceptron: A probabilistic model for information storage and organization in the brain.},
journal={Psychological Review},
year={1958},
volume={65},
pages={386-408}
}

@InProceedings{Xie2017,
  title = 	 {A Quantum-Inspired Ensemble Method and Quantum-Inspired Forest Regressors},
  author = 	 {Zeke Xie and Issei Sato},
  booktitle =  {Proceedings of the Ninth Asian Conference on Machine Learning},
  pages = 	 {81-96},
  year = 	 {2017},
  volume = 	 {77},
  publisher = {Proceedings of Machine Learning Research}
}

@inproceedings{Amin2016,
   author = {Kulchytskyy, B. and Andriyash, E. and Amin, M. and Melko, R.},
    title = {Quantum Boltzmann Machine},
    booktitle = {APS Meeting Abstracts},
    year = {2016},
    pages = {40004},
}

@incollection{Stoudemire2016,
title = {Supervised Learning with Tensor Networks},
author = {Stoudenmire, Edwin and Schwab, David J},
booktitle = {Advances in Neural Information Processing Systems},
pages = {4799-4807},
year = {2016},
volume = {29},
publisher = {Curran Associates, Inc.}
}

@MISC{Lloyd2013,
    author = {Seth Lloyd and Masoud Mohseni and Patrick Rebentrost},
    title = {Quantum algorithms for supervised and unsupervised machine learning.},
    howpublished = {arXiv:1307.0411},
    year = {2013}
}

@MISC{Altaisky2013,
    author = {M.V. Altaisky},
    title = {Quantum neural network.},
    howpublished = {arXiv:quant-ph/0107012v2},
    year = {2001}
}

@article{Lloyd2009,
  title = {Quantum Algorithm for Linear Systems of Equations},
  author = {Harrow, Aram W. and Hassidim, Avinatan and Lloyd, Seth},
  journal = {Phys. Rev. Lett.},
  volume = {103},
  pages = {150502},
  year = {2009}
}

@article{Lloyd2014,
  title = {Quantum Support Vector Machine for Big Data Classification},
  author = {Rebentrost, Patrick and Mohseni, Masoud and Lloyd, Seth},
  journal = {Phys. Rev. Lett.},
  volume = {113},
  pages = {130503},
  year = {2014}
}

@Article{Schuld2014,
author = {Schuld, Maria
and Sinayskiy, Ilya
and Petruccione, Francesco},
title={The quest for a Quantum Neural Network},
journal={Quantum Information Processing},
year={2014},
volume={13},
pages={2567-2586}
}

@Inbook{LeCun1998,
author={LeCun, Yann
and Bottou, Leon
and Orr, Genevieve B.
and M{\"u}ller, Klaus -Robert",
editor="Orr, Genevieve B.
and M{\"u}ller, Klaus-Robert},
title={Efficient BackProp},
bookTitle={Neural Networks: Tricks of the Trade},
year={1998},
publisher={Springer Berlin Heidelberg},
address={Berlin, Heidelberg},
pages={9-50},
}

@book{Murphy2012,
 author = {Murphy, Kevin P.},
 title = {Machine Learning: A Probabilistic Perspective},
 year = {2012},
 publisher = {The MIT Press},
} 

@InProceedings{Glorot15,
  title = 	 {Deep Sparse Rectifier Neural Networks},
  author = 	 {Xavier Glorot and Antoine Bordes and Yoshua Bengio},
  booktitle =  {Proceedings of the Fourteenth International Conference on Artificial Intelligence and Statistics},
  pages = 	 {315-323},
  year = 	 {2011},
  volume = 	 {15},
  publisher = {Proceedings of Machine Learning Research}
}

@inproceedings{Clevert2015,
    author = {Clevert, Djork-Arné and Unterthiner, Thomas and Hochreiter, Sepp},
    booktitle={International Conference on Learning Representations},
    pages = {1-14},
    year = {2015},
    month = {11},
    title = {Fast and Accurate Deep Network Learning by Exponential Linear Units (ELUs)},
    publisher = {PMLR}
}

@article{Hochreiter1998,
author = {Hochreiter, Sepp},
title = {The Vanishing Gradient Problem During Learning Recurrent Neural Nets  and Problem Solutions},
journal = {International Journal of Uncertainty, Fuzziness and Knowledge-Based Systems},
volume = {06},
number = {02},
pages = {107-116},
year = {1998},
}

@MISC{Kappen2018,
author = {Kappen, H.J.},
title = {Learning quantum models from quantum or classical data},
howpublished = {arXiv:1803.11278},
year = {2018},
}

@MISC{Neven2018,
author = {Neven, Hartmut and Denchev, Vasil S. and Rose, Geordie and Macready, William G.},
title = {Training a Binary Classifier with the
Quantum Adiabatic Algorithm},
howpublished = {arXiv:0811.0416},
year = {2008},
}
 

@article{Zhang2011,
 author = {Zhang, Gexiang},
 title = {Quantum-inspired Evolutionary Algorithms: A Survey and Empirical Study},
 journal = {Journal of Heuristics},
 volume = {17},
 year = {2011},
 pages = {303-351}
}

@article{Braunstein2004,
  title = {Quantum information with continuous variables},
  author = {Braunstein, Samuel L. and van Loock, Peter},
  journal = {Rev. Mod. Phys.},
  volume = {77},
  pages = {513-577},
  year = {2005}
}
@article{Cerf1999,
  title = {Quantum extension of conditional probability},
  author = {Cerf, N. J. and Adami, C.},
  journal = {Phys. Rev. A},
  volume = {60},
  pages = {893-897},
  year = {1999}
}

@article{Bennet1992,
  title = {Communication via one- and two-particle operators on Einstein-Podolsky-Rosen states},
  author = {Bennett, Charles H. and Wiesner, Stephen J.},
  journal = {Phys. Rev. Lett.},
  volume = {69},
  pages = {2881-2884},
  year = {1992},
}
