%% -----------------
%% CHAPTER 1
%% -----------------

@article{Werschnik07,
  author={J Werschnik and E K U Gross},
  title={Quantum optimal control theory},
  journal={Journal of Physics B: Atomic, Molecular and Optical Physics},
  volume={40},
  number={18},
  pages={R175},
  year={2007}
}

@article{Binder1986,
  title = {Spin glasses: Experimental facts, theoretical concepts, and open questions},
  author = {Binder, K. and Young, A. P.},
  journal = {Rev. Mod. Phys.},
  volume = {58},
  pages = {801--976},
  year = {1986},
}

@article{Mydosh2015,
	year = 2015,
	volume = {78},
	pages = {052501},
	author = {J A Mydosh},
	title = {Spin glasses: redux: an updated experimental/materials survey},
	journal = {Reports on Progress in Physics},
}

@book{landau2014, 
edition={4}, 
title={A Guide to Monte Carlo Simulations in Statistical Physics}, 
publisher={Cambridge University Press}, 
author={Landau, David P. and Binder, Kurt}, 
year={2014}
}

@book{Nishimori2001, 
edition={1}, 
title={Statistical Physics of Spin Glasses and Information Processing: An Introduction}, 
publisher={Oxford University Press}, 
author={Hidetoshi Nishimori}, 
year={2001}
}

@mastersthesis{kadowaki1998,
    author    = {Tadashi Kadowaki},
    title     = {Study of Optimization Problems by Quantum Annealing},
    school    = {Department of Physics, Tokyo Institute of Technology},
    year      = {1998},
}

@book{Das2014, 
edition={1}, 
title={Quantum Annealing and
Related Optimization Methods}, 
publisher={Springer}, 
author={Arnab Das, Bikas K. Chakrabarti}, 
year={2005}
}

@article{Warmuth2006,
  author={Manfred K. Warmuth and Dima Kuzmin},
  title={A Bayesian Probability Calculus for Density Matrices},
  journal={Machine Learning},
  pages={63-101},
  volume={78},
  year={2009}
}

@Article{Kouda2005,
    author={Kouda, Noriaki
    and Matsui, Nobuyuki
    and Nishimura, Haruhiko
    and Peper, Ferdinand},
    title={Qubit neural network and its learning efficiency},
    journal={Neural Computing \& Applications},
    year={2005},
    volume={14},
    pages={114-121}
}

@Article{Zhou1999,
    author={Zhou, Jie
    and Gan, Qiang
    and Krzy{\.{z}}ak, Adam
    and Suen, Ching Y.},
    title={Recognition of handwritten numerals by Quantum Neural Network with fuzzy features},
    journal={International Journal on Document Analysis and Recognition},
    year={1999},
    volume={2},
    pages={30-36}
}

@Article{Shang2015,
     Title = {Quantum-Inspired Neural Network with Quantum Weights and Real Weights},
     Author = {Fuhua, Shang},
     Journal = {Open Journal of Applied Sciences},
     year = {2015},
     volume = {Vol.05 No.10},
     pages = {609-617}
}

@inproceedings{Xuan2011,
author={H. Xuan},
booktitle={Proceedings of 2011 International Conference on Electronic Mechanical Engineering and Information Technology},
title={Research on Quantum Adaptive Resonance Theory Neural Network},
year={2011},
volume={8},
pages={3885-3888},
publisher = {Institute of Electrical and Electronics Engineers}
}

@Article{Manju2014,
    author={Manju, A.
    and Nigam, M. J.},
    title={Applications of quantum inspired computational intelligence: a survey},
    journal={Artificial Intelligence Review},
    year={2014},
    volume={42},
    pages={79-156}
}

@incollection{Koolen2011,
    title = {Learning Eigenvectors for Free},
    author = {Koolen, Wouter M and Kotlowski, Wojciech and Warmuth, Manfred K},
    booktitle = {Advances in Neural Information Processing Systems},
    pages = {945-953},
    year = {2011},
    volume={24},
    publisher = {Curran Associates, Inc.}
}
@misc{spinglass,
  title = {University of Cologne Spin Glass Server},
  howpublished = {\url{https://informatik.uni-koeln.de/spinglass/}},
  note = {Accessed: 2019-05-29}
}


@Article{Biamonte2017,
    author={Biamonte, Jacob
    and Wittek, Peter
    and Pancotti, Nicola
    and Rebentrost, Patrick
    and Wiebe, Nathan
    and Lloyd, Seth},
    title={Quantum machine learning},
    journal={Nature},
    year={2017},
    volume={549},
    pages={195-202}
}

@ARTICLE{Geman1984,
author={S. Geman and D. Geman},
journal={IEEE Transactions on Pattern Analysis and Machine Intelligence},
title={Stochastic Relaxation, Gibbs Distributions, and the Bayesian Restoration of Images},
year={1984},
volume={6},
pages={721-741},
}

@article {Carleo2017,
	author = {Carleo, Giuseppe and Troyer, Matthias},
	title = {Solving the quantum many-body problem with artificial neural networks},
	volume = {355},
	pages = {602-606},
	year = {2017},
	journal = {Science}
}

@article{Saito2018,
author = {Saito, Hiroki and Kato, Masaya},
title = {Machine Learning Technique to Find Quantum Many-Body Ground States of Bosons on a Lattice},
journal = {Journal of the Physical Society of Japan},
volume = {87},
pages = {014001},
year = {2018}
}

@article{Jacobsen2018,
  title = {On-the-Fly Machine Learning of Atomic Potential in Density Functional Theory Structure Optimization},
  author = {Jacobsen, T. L. and J\o{}rgensen, M. S. and Hammer, B.},
  journal = {Phys. Rev. Lett.},
  volume = {120},
  pages = {026102},
  year = {2018}
}

@article{Hegde2017,
author={Hegde, Ganesh
and Bowen, R. Chris},
title={Machine-learned approximations to Density Functional Theory Hamiltonians},
journal={Scientific Reports},
year={2017},
volume={7},
pages={42669}
}

@Article{Carrasquilla2017,
author={Carrasquilla, Juan
and Melko, Roger G.},
title={Machine learning phases of matter},
journal={Nature Physics},
year={2017},
volume={13},
pages={431 EP  -},
}
@article {Santoro2002,
	author = {Santoro, Giuseppe E. and Marto{\v n}{\'a}k, Roman and Tosatti, Erio and Car, Roberto},
	title = {Theory of Quantum Annealing of an Ising Spin Glass},
	volume = {295},
	pages = {2427-2430},
	year = {2002},
	journal = {Science}
}

@misc{Mbeng2018,
Author = {Glen Bigan Mbeng and Lorenzo Privitera and Luca Arceci and Giuseppe E. Santoro},
Title = {On the dynamics of Simulated Quantum Annealing in random Ising chains},
Year = {2018},
Eprint = {arXiv:1809.02124},
}

@misc{Smolin2013,
Author = {John A. Smolin and Graeme Smith},
Title = {Classical signature of quantum annealing},
Year = {2013},
Eprint = {arXiv:1305.4904},
}
@article {Ronnow2014,
	author = {R{\o}nnow, Troels F. and Wang, Zhihui and Job, Joshua and Boixo, Sergio and Isakov, Sergei V. and Wecker, David and Martinis, John M. and Lidar, Daniel A. and Troyer, Matthias},
	title = {Defining and detecting quantum speedup},
	volume = {345},
	pages = {420--424},
	year = {2014},
	journal = {Science}
}
@Article{Boixo2014,
author={Boixo, Sergio
and R{\o}nnow, Troels F.
and Isakov, Sergei V.
and Wang, Zhihui
and Wecker, David
and Lidar, Daniel A.
and Martinis, John M.
and Troyer, Matthias},
title={Evidence for quantum annealing with more than one hundred qubits},
journal={Nature Physics},
year={2014},
volume={10},
pages={218 EP  -},
note={Article},
}

@Article{Johnson2011,
author={Johnson, M. W.
and Amin, M. H. S.
and Gildert, S.
and Lanting, T.
and Hamze, F.
and Dickson, N.
and Harris, R.
and Berkley, A. J.
and Johansson, J.
and Bunyk, P.
and Chapple, E. M.
and Enderud, C.
and Hilton, J. P.
and Karimi, K.
and Ladizinsky, E.
and Ladizinsky, N.
and Oh, T.
and Perminov, I.
and Rich, C.
and Thom, M. C.
and Tolkacheva, E.
and Truncik, C. J. S.
and Uchaikin, S.
and Wang, J.
and Wilson, B.
and Rose, G.},
title={Quantum annealing with manufactured spins},
journal={Nature},
year={2011},
volume={473},
pages={194 EP  -},
}
@article {Baldassi2018,
	author = {Baldassi, Carlo and Zecchina, Riccardo},
	title = {Efficiency of quantum vs. classical annealing in nonconvex learning problems},
	volume = {115},
	number = {7},
	pages = {1457--1462},
	year = {2018},
	journal = {Proceedings of the National Academy of Sciences}
}

@article {Heim2015,
	author = {Heim, Bettina and R{\o}nnow, Troels F. and Isakov, Sergei V. and Troyer, Matthias},
	title = {Quantum versus classical annealing of Ising spin glasses},
	volume = {348},
	pages = {215--217},
	year = {2015},
	journal = {Science}
}

@article{Lucas2014,
AUTHOR={Lucas, Andrew},   
TITLE={Ising formulations of many NP problems},      
JOURNAL={Frontiers in Physics},      
VOLUME={2},     
YEAR={2014}
}

@article{Muthukrishnan2016,
  title = {Tunneling and Speedup in Quantum Optimization for Permutation-Symmetric Problems},
  author = {Muthukrishnan, Siddharth and Albash, Tameem and Lidar, Daniel A.},
  journal = {Phys. Rev. X},
  volume = {6},
  pages = {031010},
  year = {2016}
}
