%% -----------------
%% Introduction
%% -----------------

@article{Vershynina2013,
author = {Vershynina, Anna and Carlen, Eric and Lieb, Elliott},
year = {2013},
month = {04},
pages = {30919},
title = {Matrix and Operator Trace Inequalities},
volume = {8},
journal = {Scholarpedia}
}
@book{Nielsen2011,
 author = {Nielsen, Michael A. and Chuang, Isaac L.},
 title = {Quantum Computation and Quantum Information},
 year = {2011},
 edition = {10th},
 publisher = {Cambridge University Press},
} 

@phdthesis{Gogolin2010,
  author       = {Christian Gogolin}, 
  title        = {Pure State Quantum Statistical Mechanics},
  school       = {Julius-Maximilians-Universit\"at W\"urzburg},
  year         = {2010}
}

@article{Horodecki2009,
  title = {Quantum entanglement},
  author = {Horodecki, Ryszard and Horodecki, Pawe\l{} and Horodecki, Micha\l{} and Horodecki, Karol},
  journal = {Rev. Mod. Phys.},
  volume = {81},
  pages = {865--942},
  year = {2009},
}

@article{LeCun2015,
author = {LeCun, Yann and Bengio, Y and Hinton, Geoffrey},
year = {2015},
pages = {436-44},
title = {Deep Learning},
volume = {521},
journal = {Nature},
}

@article{Einstein1905,
author = {Einstein, A.},
title = {Über einen die Erzeugung und Verwandlung des Lichtes betreffenden heuristischen Gesichtspunkt},
journal = {Annalen der Physik},
volume = {322},
pages = {132-148},
year = {1905}
}


@article{Larranaga2006,
    author = {Larra\~naga, Pedro and Calvo, Borja and Santana, Roberto and Bielza, Concha and Galdiano, Josu and Inza, I\~naki and Lozano, Jos\"e A. and Arma\~nanzas, Rub\"en and Santaf\"e, Guzm\"an and P\"erez, Aritz and Robles, Victor},
    title = "{Machine learning in bioinformatics}",
    journal = {Briefings in Bioinformatics},
    volume = {7},
    pages = {86-112},
    year = {2006}
}

@article{Chartrand2017,
author = {Chartrand, Gabriel and Cheng, Phillip M. and Vorontsov, Eugene and Drozdzal, Michal and Turcotte, Simon and Pal, Christopher J. and Kadoury, Samuel and Tang, An},
title = {Deep Learning: A Primer for Radiologists},
journal = {RadioGraphics},
volume = {37},
pages = {2113-2131},
year = {2017}
}

@Article{Radovic2018,
author={Radovic, Alexander
and Williams, Mike
and Rousseau, David
and Kagan, Michael
and Bonacorsi, Daniele
and Himmel, Alexander
and Aurisano, Adam
and Terao, Kazuhiro
and Wongjirad, Taritree},
title={Machine learning at the energy and intensity frontiers of particle physics},
journal={Nature},
year={2018},
volume={560},
pages={41-48},
}

@misc{GoogleTranslate,
  title = {Google Translate World Lens},
  howpublished = {\url{https://googleblog.blogspot.com/2015/01/hallo-hola-ola-more-powerful-translate.html}},
  note = {Accessed: 22-04-2019}
}

@INPROCEEDINGS{Ouyang2013,
author={W. {Ouyang} and X. {Wang}},
booktitle={2013 IEEE International Conference on Computer Vision},
title={Joint Deep Learning for Pedestrian Detection},
year={2013},
pages={2056-2063},
}

@article{EPR,
  title = {Can Quantum-Mechanical Description of Physical Reality Be Considered Complete?},
  author = {Einstein, A. and Podolsky, B. and Rosen, N.},
  journal = {Phys. Rev.},
  volume = {47},
  pages = {777--780},
  year = {1935},
}


@INPROCEEDINGS{Zhu2016,
author={Z. {Zhu} and D. {Liang} and S. {Zhang} and X. {Huang} and B. {Li} and S. {Hu}},
booktitle={2016 IEEE Conference on Computer Vision and Pattern Recognition (CVPR)},
title={Traffic-Sign Detection and Classification in the Wild},
year={2016},
pages={2110-2118},
}

@book{Neumann1932,
 author = {Nielsen, Michael A. and Chuang, Isaac L.},
 title = {Mathematische Grundlagen der Quantenmechanik},
 year = {1932},
 edition = {2014 edition},
 publisher = {Princeton University Press},
} 

@book{Seaton1912,
 author = {Seaton R.C.},
 title = {Apollonius Rhodius: Argonautica},
 year = {1912},
 edition = {1997 edition},
 publisher = {Harvard University Press},
} 

@article{Silver2016,
title	= {Mastering the game of Go with deep neural networks and tree search},
author	= {David Silver and Aja Huang and Christopher J. Maddison and Arthur Guez and Laurent Sifre and George van den Driessche and Julian Schrittwieser and Ioannis Antonoglou and Veda Panneershelvam and Marc Lanctot and Sander Dieleman and Dominik Grewe and John Nham and Nal Kalchbrenner and Ilya Sutskever and Timothy Lillicrap and Madeleine Leach and Koray Kavukcuoglu and Thore Graepel and Demis Hassabis},
year	= {2016},
journal	= {Nature},
pages	= {484--503},
volume	= {529}
}

@book{Russell2003,
 author = {Russell, Stuart J. and Norvig, Peter},
 title = {Artificial Intelligence: A Modern Approach},
 year = {2003},
 edition = {2},
 publisher = {Pearson Education},
}

@book{Hebb1949,
 author = {Hebb D.O.},
 title = {The Organization of Behavior: A Neuropsychological Theory},
 year = {1949},
 edition = {1st edition},
 publisher = {John Wiley \& Sons},
} 

@article{Turing1950,
    author = {Turing, A. M.},
    title = "{I.—Computing Machinery and Intelligence}",
    journal = {Mind},
    volume = {LIX},
    number = {236},
    pages = {433-460},
    year = {1950},
}



@misc{Cotaescu2016,
  author        = {Cotăescu, Ion I.},
  title         = {Lecture notes on Elements of Linear Algebra},
  year          = {2016},
  howpublished   = {The West University of Timişoara}
}

@article{Schlosshauer2005,
  title = {Decoherence, the measurement problem, and interpretations of quantum mechanics},
  author = {Schlosshauer, Maximilian},
  journal = {Rev. Mod. Phys.},
  volume = {76},
  pages = {1267-1305},
  year = {2005},
}

@InCollection{Myrvold2018,
	author       =	{Myrvold, Wayne},
	title        =	{Philosophical Issues in Quantum Theory},
	booktitle    =	{The Stanford Encyclopedia of Philosophy},
	editor       =	{Edward N. Zalta},
	howpublished =	{\url{https://plato.stanford.edu/archives/fall2018/entries/qt-issues/}},
	year         =	{2018},
	edition      =	{Fall 2018},
	publisher    =	{Metaphysics Research Lab, Stanford University}
}

@Inbook{Cramer2016,
author={Cramer, John G.},
title={The Curious History of Quantum Mechanics},
bookTitle={The Quantum Handshake: Entanglement, Nonlocality and Transactions},
year={2016},
publisher={Springer International Publishing},
pages={9-38},
}

@misc{Newton1675,
author={Newton, I. and Hooke, R.},
title={ Isaac Newton letter to Robert Hooke},
howpublished={elecronic resource},
year={1675}
}

@book{terHaar1967,
  title = {The Old Quantum Theory},
  author = {ter Haar, D.},
  year = {1967},
  publisher = {Pergamon Press},
}

@article{Wootters2001,
 author = {Wootters, William K.},
 title = {Entanglement of Formation and Concurrence},
 journal = {Quantum Info. Comput.},
 issue_date = {January 2001},
 volume = {1},
 year = {2001},
 pages = {27-44},
} 

@article{Johansson2013,
title = "QuTiP 2: A Python framework for the dynamics of open quantum systems",
journal = "Computer Physics Communications",
volume = "184",
pages = "1234 - 1240",
year = "2013",
author = "J.R. Johansson and P.D. Nation and Franco Nori",
}
