
%% -----------------
%% Chapter 2
%% -----------------

@Article{Rosenblatt1958,
author={Rosenblatt, F.},
title={The perceptron: A probabilistic model for information storage and organization in the brain.},
journal={Psychological Review},
year={1958},
volume={65},
pages={386-408}
}

@InProceedings{Xie2017,
  title = 	 {A Quantum-Inspired Ensemble Method and Quantum-Inspired Forest Regressors},
  author = 	 {Zeke Xie and Issei Sato},
  booktitle =  {Proceedings of the Ninth Asian Conference on Machine Learning},
  pages = 	 {81-96},
  year = 	 {2017},
  volume = 	 {77},
  publisher = {Proceedings of Machine Learning Research}
}

@Article{Wang2018,
author={Wang, Yuanhao
and Li, Ying
and Yin, Zhang-qi
and Zeng, Bei},
title={16-qubit IBM universal quantum computer can be fully entangled},
journal={npj Quantum Information},
year={2018},
volume={4},
pages={46},
}

@misc{Bergholm2018,
Author = {Ville Bergholm and Josh Izaac and Maria Schuld and Christian Gogolin and Carsten Blank and Keri McKiernan and Nathan Killoran},
Title = {PennyLane: Automatic differentiation of hybrid quantum-classical computations},
Year = {2018},
Eprint = {arXiv:1811.04968},
}

@article{Schuld2019b,
  title = {Evaluating analytic gradients on quantum hardware},
  author = {Schuld, Maria and Bergholm, Ville and Gogolin, Christian and Izaac, Josh and Killoran, Nathan},
  journal = {Phys. Rev. A},
  volume = {99},
  pages = {032331},
  year = {2019},
}


@misc{Qiskit,
       author = {Gadi Aleksandrowicz and Thomas Alexander and Panagiotis Barkoutsos and Luciano Bello and Yael Ben-Haim and David Bucher and Francisco Jose Cabrera-Hern{\'a}dez and Jorge Carballo-Franquis and Adrian Chen and Chun-Fu Chen and Jerry M. Chow and Antonio D. C{\'o}rcoles-Gonzales and Abigail J. Cross and Andrew Cross and Juan Cruz-Benito and Chris Culver and Salvador De La Puente Gonz{\'a}lez and Enrique De La Torre and Delton Ding and Eugene Dumitrescu and Ivan Duran and Pieter Eendebak and Mark Everitt and Ismael Faro Sertage and Albert Frisch and Andreas Fuhrer and Jay Gambetta and Borja Godoy Gago and Juan Gomez-Mosquera and Donny Greenberg and Ikko Hamamura and Vojtech Havlicek and Joe Hellmers and {\L}ukasz Herok and Hiroshi Horii and Shaohan Hu and Takashi Imamichi and Toshinari Itoko and Ali Javadi-Abhari and Naoki Kanazawa and Anton Karazeev and Kevin Krsulich and Peng Liu and Yang Luh and Yunho Maeng and Manoel Marques and Francisco Jose Mart{\'\i}n-Fern{\'a}ndez and Douglas T. McClure and David McKay and Srujan Meesala and Antonio Mezzacapo and Nikolaj Moll and Diego Moreda Rodr{\'\i}guez and Giacomo Nannicini and Paul Nation and Pauline Ollitrault and Lee James O'Riordan and Hanhee Paik and Jes{\'u}s P{\'e}rez and Anna Phan and Marco Pistoia and Viktor Prutyanov and Max Reuter and Julia Rice and Abd{\'o}n Rodr{\'\i}guez Davila and Raymond Harry Putra Rudy and Mingi Ryu and Ninad Sathaye and Chris Schnabel and Eddie Schoute and Kanav Setia and Yunong Shi and Adenilton Silva and Yukio Siraichi and Seyon Sivarajah and John A. Smolin and Mathias Soeken and Hitomi Takahashi and Ivano Tavernelli and Charles Taylor and Pete Taylour and Kenso Trabing and Matthew Treinish and Wes Turner and Desiree Vogt-Lee and Christophe Vuillot and Jonathan A. Wildstrom and Jessica Wilson and Erick Winston and Christopher Wood and Stephen Wood and Stefan W{\"o}rner and Ismail Yunus Akhalwaya and Christa Zoufal},
       title = {Qiskit: An Open-source Framework for Quantum Computing},
       year = {2019}
      }

@incollection{Stoudemire2016,
title = {Supervised Learning with Tensor Networks},
author = {Stoudenmire, Edwin and Schwab, David J},
booktitle = {Advances in Neural Information Processing Systems},
pages = {4799-4807},
year = {2016},
volume = {29},
publisher = {Curran Associates, Inc.}
}

@MISC{Lloyd2013,
    author = {Seth Lloyd and Masoud Mohseni and Patrick Rebentrost},
    title = {Quantum algorithms for supervised and unsupervised machine learning.},
    howpublished = {arXiv:1307.0411},
    year = {2013}
}

@MISC{Altaisky2013,
    author = {M.V. Altaisky},
    title = {Quantum neural network.},
    howpublished = {arXiv:quant-ph/0107012v2},
    year = {2001}
}

@article{Lloyd2009,
  title = {Quantum Algorithm for Linear Systems of Equations},
  author = {Harrow, Aram W. and Hassidim, Avinatan and Lloyd, Seth},
  journal = {Phys. Rev. Lett.},
  volume = {103},
  pages = {150502},
  year = {2009}
}

@article{Lloyd2014,
  title = {Quantum Support Vector Machine for Big Data Classification},
  author = {Rebentrost, Patrick and Mohseni, Masoud and Lloyd, Seth},
  journal = {Phys. Rev. Lett.},
  volume = {113},
  pages = {130503},
  year = {2014}
}

@Article{Schuld2014,
author = {Schuld, Maria
and Sinayskiy, Ilya
and Petruccione, Francesco},
title={The quest for a Quantum Neural Network},
journal={Quantum Information Processing},
year={2014},
volume={13},
pages={2567-2586}
}

@Inbook{LeCun1998,
author={LeCun, Yann
and Bottou, Leon
and Orr, Genevieve B.
and M{\"u}ller, Klaus -Robert",
editor="Orr, Genevieve B.
and M{\"u}ller, Klaus-Robert},
title={Efficient BackProp},
bookTitle={Neural Networks: Tricks of the Trade},
year={1998},
publisher={Springer Berlin Heidelberg},
address={Berlin, Heidelberg},
pages={9-50},
}

@book{Murphy2012,
 author = {Murphy, Kevin P.},
 title = {Machine Learning: A Probabilistic Perspective},
 year = {2012},
 publisher = {The MIT Press},
} 

@InProceedings{Glorot15,
  title = 	 {Deep Sparse Rectifier Neural Networks},
  author = 	 {Xavier Glorot and Antoine Bordes and Yoshua Bengio},
  booktitle =  {Proceedings of the Fourteenth International Conference on Artificial Intelligence and Statistics},
  pages = 	 {315-323},
  year = 	 {2011},
  volume = 	 {15},
  publisher = {Proceedings of Machine Learning Research}
}

@inproceedings{Clevert2015,
    author = {Clevert, Djork-Arn√© and Unterthiner, Thomas and Hochreiter, Sepp},
    booktitle={International Conference on Learning Representations},
    pages = {1-14},
    year = {2015},
    month = {11},
    title = {Fast and Accurate Deep Network Learning by Exponential Linear Units (ELUs)},
    publisher = {PMLR}
}

@article{Hochreiter1998,
author = {Hochreiter, Sepp},
title = {The Vanishing Gradient Problem During Learning Recurrent Neural Nets  and Problem Solutions},
journal = {International Journal of Uncertainty, Fuzziness and Knowledge-Based Systems},
volume = {06},
number = {02},
pages = {107-116},
year = {1998},
}

@MISC{Kappen2018,
author = {Kappen, H.J.},
title = {Learning quantum models from quantum or classical data},
howpublished = {arXiv:1803.11278},
year = {2018},
}

@MISC{Neven2018,
author = {Neven, Hartmut and Denchev, Vasil S. and Rose, Geordie and Macready, William G.},
title = {Training a Binary Classifier with the
Quantum Adiabatic Algorithm},
howpublished = {arXiv:0811.0416},
year = {2008},
}
 

@article{Zhang2011,
 author = {Zhang, Gexiang},
 title = {Quantum-inspired Evolutionary Algorithms: A Survey and Empirical Study},
 journal = {Journal of Heuristics},
 volume = {17},
 year = {2011},
 pages = {303-351}
}

@article{Braunstein2004,
  title = {Quantum information with continuous variables},
  author = {Braunstein, Samuel L. and van Loock, Peter},
  journal = {Rev. Mod. Phys.},
  volume = {77},
  pages = {513-577},
  year = {2005}
}
@article{Cerf1999,
  title = {Quantum extension of conditional probability},
  author = {Cerf, N. J. and Adami, C.},
  journal = {Phys. Rev. A},
  volume = {60},
  pages = {893-897},
  year = {1999}
}

@article{Schuld2019a,
  title = {Quantum Machine Learning in Feature Hilbert Spaces},
  author = {Schuld, M. and Killoran, N.},
  journal = {Phys. Rev. Lett.},
  volume = {122},
  pages = {040504},
  year = {2019},
  publisher = {American Physical Society}
}

@inproceedings{Yang2004,
author={Yang, S. and Wang, M. and Jiao, L.},
booktitle={Proceedings of the 2004 Congress on Evolutionary Computation},
title={A quantum particle swarm optimization},
year={2004},
volume={1},
pages={320--324},
}

@Article{Zhou2007,
author="Zhou, R.
and Ding, Q.",
title="Quantum M-P Neural Network",
journal="International Journal of Theoretical Physics",
year="2007",
volume="46"
}

@article{Preskill2018,
  title = {Quantum {C}omputing in the {NISQ} era and beyond},
  author = {Preskill, J.},
  journal = {Quantum},
  volume = {2},
  pages = {79},
  year = {2018}
}

@article{Bertlmann2008,
	year = 2008,
	volume = {41},
	pages = {235303},
	author = {Reinhold A Bertlmann and Philipp Krammer},
	title = {Bloch vectors for qudits},
	journal = {Journal of Physics A: Mathematical and Theoretical}
}

@article{Wiersema2019,
  title = {Implementing perceptron models with qubits},
  author = {Wiersema, R. C. and Kappen, H. J.},
  journal = {Phys. Rev. A},
  volume = {100},
  pages = {020301},
  year = {2019},
}


@misc{WiersemaGit2019a,
  author = {Wiersema, R.C.},
  title = {Code: PennyLane and the Quantum Log-Likelihood},
  year = {2019},
  publisher = {GitHub},
  journal = {GitHub repository},
  howpublished = {\url{https://github.com/therooler/pennylane-qllh}},
}


@misc{WiersemaGit2019b,
  author = {Wiersema, R.C.},
  title = {Code: Implementing perceptron models with qubits},
  year = {2019},
  publisher = {GitHub},
  journal = {GitHub repository},
  howpublished = {\url{https://github.com/therooler/qperceptron}},
}

@article{Amin2018,
  title = {Quantum Boltzmann Machine},
  author = {Amin, M. H. and Andriyash, E. and Rolfe, J. and Kulchytskyy, B. and Melko, R.},
  journal = {Phys. Rev. X},
  volume = {8},
  pages = {021050},
  year = {2018},
}

@article{Bennet1992,
  title = {Communication via one- and two-particle operators on Einstein-Podolsky-Rosen states},
  author = {Bennett, Charles H. and Wiesner, Stephen J.},
  journal = {Phys. Rev. Lett.},
  volume = {69},
  pages = {2881-2884},
  year = {1992},
}

@article{Behrman2000,
    title = {Simulations of quantum neural networks},
    journal = {Information Sciences},
    volume = {128},
    number = {3},
    pages = {257 - 269},
    year = {2000},
    author = {E.C. Behrman and L.R. Nash and J.E. Steck and V.G. Chandrashekar and S.R. Skinner}
}

@article{DeZela2014,
author = {De Zela, Francisco},
year = {2014},
pages = {329-344},
title = {Closed-Form Expressions for the Matrix Exponential},
volume = {6},
journal = {Symmetry},
}

@book{Schuld2018,
    author = {Maria Schuld and Francesco Petruccione},
    title = {Supervised Learning with Quantum Computers},
    year = {2018},
    edition = {1st},
    publisher = {Springer Nature Switzerland}
} 

@book{Carmichael1999,
    author = {H.J. Carmichael},
    title = {Statistical Methods in Quantum Optics 1 },
    year = {1999},
    edition = {1st},
    publisher = {Springer Verlag}
} 

@article{Ricks2004,
    author = {Ricks, Bob and Ventura, Dan},
    year = {2004},
    month = {03},
    pages = {1 - 8},
    title = {Training a Quantum Neural Network},
    booktitle = {Advances in Neural Information Processing Systems}
}

@inproceedings{Wiebe2016,
    author = {Wiebe, Nathan and Kapoor, Ashish and Svore, Krysta M},
    title = {Quantum Perceptron Models},
    booktitle = {Proceedings of the 30th International Conference on Neural Information Processing Systems},
    series = {NIPS'16},
    year = {2016},
    pages = {4006-4014},
    publisher = {Curran Associates Inc.}
} 

@Article{Briegel2009,
    author={Briegel, H. J.
    and Browne, D. E.
    and D{\"u}r, W.
    and Raussendorf, R.
    and Van den Nest, M.},
    title={Measurement-based quantum computation},
    journal={Nature Physics},
    year={2009},
    volume={5},
    pages={19 - 26}
}

@MISC{Altaisky2001,
    author = {M.V. Altaisky},
    title = {Quantum neural network},
    howpublished = {arXiv:quant-ph/0107012},
    year = {2001}
}

@article{DaSilva2012,
title = "Classical and superposed learning for quantum weightless neural networks",
journal = "Neurocomputing",
volume = "75",
number = "1",
pages = "52 - 60",
year = "2012",
author = "Adenilton J. da Silva and Wilson R. de Oliveira and Teresa B. Ludermir"
}

@Article{Verstraete2009,
author={Verstraete, Frank
and Wolf, Michael M.
and Ignacio Cirac, J.},
title={Quantum computation and quantum-state engineering driven by dissipation},
journal={Nature Physics},
year={2009},
volume={5},
pages={633 - 636}
}

@article{Kak1995,
title = {On quantum neural computing},
journal = {Information Sciences},
volume = {83},
number = {3},
pages = {143 - 160},
year = {1995},
author = {Subhash Kak}
}

@Article{Li2014,
author="Li, Panchi
and Xiao, Hong",
title="Model and algorithm of quantum-inspired neural network with sequence input based on controlled rotation gates",
journal="Applied Intelligence",
year="2014",
volume="40",
pages="107--126"
}

@Article{King2018,
author={King, Andrew D.
and Carrasquilla, Juan
and Raymond, Jack
and Ozfidan, Isil
and Andriyash, Evgeny
and Berkley, Andrew
and Reis, Mauricio
and Lanting, Trevor
and Harris, Richard
and Altomare, Fabio
and Boothby, Kelly
and Bunyk, Paul I.
and Enderud, Colin
and Fr{\'e}chette, Alexandre
and Hoskinson, Emile
and Ladizinsky, Nicolas
and Oh, Travis
and Poulin-Lamarre, Gabriel
and Rich, Christopher
and Sato, Yuki
and Smirnov, Anatoly Yu
and Swenson, Loren J.
and Volkmann, Mark H.
and Whittaker, Jed
and Yao, Jason
and Ladizinsky, Eric
and Johnson, Mark W.
and Hilton, Jeremy
and Amin, Mohammad H.},
title={Observation of topological phenomena in a programmable lattice of 1,800 qubits},
journal={Nature},
year={2018},
volume={560},
pages={456-460},
}



@MISC{Ponnath2006,
    author = {Abhilash Ponnath},
    title = {Difficulties in the Implementation of Quantum Computers.},
    howpublished = {arXiv:cs/0602096},
    year = {2006}
}

@MISC{Behrman2015,
    author = {E.C. Behrman, J.E. Steck},
    title = {Multiqubit entanglement of a general input state.},
    howpublished = {arXiv:1108.1955},
    year = {2011}
}

@article{Behrman2008,
    author = {Behrman, E. C. and Steck, J. E. and Kumar, P. and Walsh, K. A.},
    title = {Quantum Algorithm Design Using Dynamic Learning},
    journal = {Quantum Info. Comput.},
    issue_date = {January 2008},
    volume = {8},
    year = {2008},
    pages = {12 - 29}
} 

@article{Briegel2001,
  title = {A One-Way Quantum Computer},
  author = {Raussendorf, Robert and Briegel, Hans J.},
  journal = {Phys. Rev. Lett.},
  volume = {86},
  pages = {5188-5191},
  year = {2001},
}

@article{Walther2005,
author = {Walther, Philip and J Resch, K and Rudolph, T and Schenck, E and Weinfurter, H and Vedral, Vlatko and Aspelmeyer, M and Zeilinger, A},
year = {2005},
month = {04},
pages = {169-76},
title = {Experimental One-Way Quantum Computing},
volume = {434},
journal = {Nature}
}


@article{Tabakin2017,
    title = {Model dynamics for quantum computing},
    journal = {Annals of Physics},
    volume = {383},
    pages = {33 - 78},
    year = {2017},
    author = {Frank Tabakin}
}

@article{Tameem2018,
    title = {Adiabatic quantum computation},
    author = {Albash, Tameem and Lidar, Daniel A.},
    journal = {Rev. Mod. Phys.},
    volume = {90},
    pages = {015002},
    year = {2018}
}

@article{Braunstein2005,
  title = {Quantum information with continuous variables},
  author = {Braunstein, Samuel L. and van Loock, Peter},
  journal = {Rev. Mod. Phys.},
  volume = {77},
  pages = {513 - 577},
  year = {2005}
}

@Article{Jeswal2018,
author="Jeswal, S. K.
and Chakraverty, S.",
title="Recent Developments and Applications in Quantum Neural Network: A Review",
journal="Archives of Computational Methods in Engineering",
year="2018",
pages = "1 - 15"
}

@article{Curtright2015,
title = "Elementary Results for the Fundamental Representation of SU(3)",
journal = "Reports on Mathematical Physics",
volume = "76",
pages = "401 - 404",
year = "2015",
author = "Thomas L. Curtright and Cosmas K. Zachos",
}

@article{Nisbet-Jones2013,
  author={Peter B R Nisbet-Jones and Jerome Dilley and Annemarie Holleczek and Oliver Barter and Axel Kuhn},
  title={Photonic qubits, qutrits and ququads accurately prepared and delivered on demand},
  journal={New Journal of Physics},
  volume={15},
  pages={053007},
  year={2013}
}

@article{Jaynes1957,
  title = {Information Theory and Statistical Mechanics},
  author = {Jaynes, E. T.},
  journal = {Phys. Rev.},
  volume = {106},
  pages = {620--630},
  year = {1957},
}

@book{Boyd2004,
    author = {Stephen Boyd, Lieven Vandenberghe},
    title = {Convex Optimization},
    year = {2004},
    edition = {1st},
    publisher = {Cambridge University Press}
} 
@inbook{Archimedes2009, 
title={On Conoids and Spheoids}, 
booktitle={The Works of Archimedes: Edited in Modern Notation with Introductory Chapters}, 
publisher={Cambridge University Press}, 
author={Archimedes}, 
year={2009}, 
pages={99‚Äì150}, 
}
@article{Gyonigyosi2019,
title = "A Survey on quantum computing technology",
journal = "Computer Science Review",
volume = "31",
pages = "51 - 71",
year = "2019",
author = "Laszlo Gyongyosi and Sandor Imre",
}

@article{Devitt2016,
author = {J. Devitt, Simon},
year = {2016},
month = {05},
title = {Performing Quantum Computing Experiments in the Cloud},
volume = {94},
journal = {Physical Review A},
}

@inproceedings{Carlen2009,
  title={Trace Inequalities and Quantum Entropy: An introductory course},
  author={Eric A. Carlen},
  year={2009}
}

@article{Valiant1984,
 author = {Valiant, L. G.},
 title = {A Theory of the Learnable},
 journal = {Commun. ACM},
 volume = {27},
 year = {1984},
 pages = {1134-1142},
} 
@article{Gross2010,
  title = {Quantum State Tomography via Compressed Sensing},
  author = {Gross, David and Liu, Yi-Kai and Flammia, Steven T. and Becker, Stephen and Eisert, Jens},
  journal = {Phys. Rev. Lett.},
  volume = {105},
  pages = {150401},
  year = {2010},
}

@article{Collister2004,
	year = 2004,
	volume = {116},
	pages = {345--351},
	author = {Adrian~A. Collister and Ofer Lahav},
	title = {{ANNz}: Estimating Photometric Redshifts Using Artificial Neural Networks},
}

@misc{Carleo2019,
Author = {Giuseppe Carleo and Ignacio Cirac and Kyle Cranmer and Laurent Daudet and Maria Schuld and Naftali Tishby and Leslie Vogt-Maranto and Lenka Zdeborov√°},
Title = {Machine learning and the physical sciences},
Year = {2019},
Eprint = {arXiv:1903.10563},
}

@inbook{Zwillinger2002,
 author = {Daniel Zwillinger},
 title = {CRC Standard Mathematical Tables and formulae},
 year = {2002},
 edition = {31st},
 pages = {4.6 Conics},
 publisher = {Chapman \& Hall/CRC},
} 

@misc{Weisstein,
title = {Quadratic Curve},
author = {Weisstein, Eric W},
howpublished = {From MathWorld -- A Wolfram Web Resource},
url = {http://mathworld.wolfram.com/QuadraticCurve.html}
}

@misc{Edelman1998,
Author = {Alan Edelman and T. A. Arias and Steven T. Smith},
Title = {The Geometry of Algorithms with Orthogonality Constraints},
Year = {1998},
Eprint = {arXiv:physics/9806030},
}

@Article{Cybenko1989,
author="Cybenko, G.",
title="Approximation by superpositions of a sigmoidal function",
journal="Mathematics of Control, Signals and Systems",
year="1989",
volume="2",
pages="303--314",
}
@misc{Lidzey2019,
  title = {{David Lidzey's} Advanced Electrodynamics and Magnetism course, Lecture 4},
  howpublished = {\url{https://www.sheffield.ac.uk/physics/teaching/phy331/magnetism}},
  note = {Accessed: 2019-05-29}
}
